=LDR  06153cas a2201225 a 4500
=001  012090471
=003  Uk
=005  20231006082631.0
=006  m\\\\\o\\d\\\\\\\\
=007  cr||||||||||||
=008  000816d20002018enkqr\pss\\\\\0\\\a0eng\d
=FMT  \\$a  SE
=015  \\$aGBB348107$2bnb
=022  0\$a1743-2863$y1474-9009$202
=035  \\$a(OCoLC)423575761
=037  3\$aISSN_14749009_21$bPortico$nTaylor & Francis
=037  \\$aISSN_03717844$bPortico$nManey Publishing
=040  \\$aU9S$beng$cU9S$dOCLCQ$dUk
=042  \\$aissnuk$aukblsr
=082  04$a622.05$223
=130  0\$aTransactions of the Institution of Mining and Metallurgy.$nSection A,$pMining technology (Online)
=210  0\$aMin. technol.$b(Lond.)
=222  \0$aMining technology$b(London)
=245  10$aTransactions of the Institution of Mining and Metallurgy.$nSection A,$pMining technology$h[electronic resource].
=246  30$aMining technology
=246  3\$iMinor title change:$aMining technology,$f<2003>-
=246  13$aTrans. IMM A,$f<2012- >
=260  \\$aLondon :$bInstitution of Mining and Metallurgy,$c-[2018]
=260  3\$aLondon :$bManey
=310  \\$aQuarterly,$b2004-
=321  \\$aThree issues yearly,$b2001-2003
=336  \\$atext$2rdacontent
=337  \\$acomputer$2rdamedia
=338  \\$aonline resource$2rdacarrier
=362  1\$aPrint began with v. 109, no. 1 (Jan.-Apr. 2000); ceased with volume 26, number 4 (2018).
=580  \\$aIncludes issues of earlier title: Transactions of the Institution of Mining and Metallurgy. Section A, Mining industry.
=550  \\$aPublished on behalf of the IOM3, in association with AusIMM and affiliated to the Society of Mining Professors, <2012- >.
=500  \\$aTitle from title screen (viewed Apr. 26, 2006).
=588  \\$aLatest issue consulted: vol. 126, no. 4 (2017) (Taylor & Francis Online, viewed July 31, 2018).
=506  \\$aAccess restricted to members of authorised institutions.
=530  \\$aAlso issued in print.
=540  \\$aCurrent copyright fee: GBP43.00$c2\0$5Uk
=650  \0$aMining engineering$vPeriodicals.
=650  \0$aMineral industries$vPeriodicals.
=710  2\$aInstitute of Materials, Minerals, and Mining.
=710  2\$aAustralasian Institute of Mining and Metallurgy.
=710  2\$aSocietät der Bergbaukunde.
=710  2\$aInstitution of Mining and Metallurgy (Great Britain)
=776  1\$tTransactions of the Institution of Mining and Metallurgy. Section A, Mining technology$x1474-9009
=780  10$tTransactions of the Institution of Mining and Metallurgy. Section A, Mining industry (Online)
=785  00$tMining technology (2018)$x2572-6676
=859  \\$aELD$bejournal
=856  \\$31850-9999$uhttp://maneypublishing.com/$xBLDSS
=856  40$3Available via SFX$uhttp://sfx6.exlibrisgroup.com/sherbrooke/sfx_local?issn=0371-7844&ctx_enc=info:ofi/enc:UTF-8&ctx_ver=Z39.88-2004&rfr_id=info:sid/sfxit.com:azlist&sfx.ignore_date_threshold=1&svc.fulltext=yes$z(Access restricted to UdeS)
=856  40$uhttp://www.ingentaconnect.com/content/maney/mint
=856  40$uhttps://www.tandfonline.com/loi/ymnt21
=945  \\$aTransactions- Institution of Mining and Metallurgy Section A Mining technology.
=979  \\$aBritish Library$bDSC$j8968.400000
=985  \\$aPossibly should have been a C/T <2003>- "Mining technology: transactions of the Institutions of Mining and Metallurgy: section A", but print and online ones have been accessioned to 2013, and 2015 respectively; another change now with "section A" being dropped; the new provisional ISSN (from US) for Mining technology is from 2018- awaiting ISSN prebub/OCLC record before doing C/T - GC 1/8/18.
=CAT  \\$aCONV$b00$c20040425$lBLL90$h0850
=CAT  \\$a14448$b40$c20160205$lBLL01$h1143
=CAT  \\$a5552$b40$c20160303$lBLL01$h0850
=CAT  \\$aIPL-CLA$c20160331$lBLL01$h1718
=CAT  \\$aBATCH-UPD$b00$c20160413$lBLL01$h1815
=CAT  \\$a11433$b40$c20160420$lBLL01$h1400
=CAT  \\$aBATCH-UPD$b40$c20160620$lBLL01$h0153
=CAT  \\$aBATCH-UPD$b40$c20161122$lBLL01$h1545
=CAT  \\$aIPL-CLA$c20161230$lBLL01$h2053
=CAT  \\$a5552$b40$c20170213$lBLL01$h1126
=CAT  \\$aW1711-1005$c20171206$lBLL01$h1815
=CAT  \\$a3072$b40$c20180731$lBLL01$h1545
=CAT  \\$a3072$b40$c20180801$lBLL01$h1233
=CAT  \\$a3072$b40$c20180801$lBLL01$h1236
=CAT  \\$a10983$b40$c20180801$lBLL01$h1414
=CAT  \\$a10983$b40$c20180818$lBLL01$h0749
=CAT  \\$a3072$b40$c20181018$lBLL01$h1711
=CAT  \\$a5552$b40$c20190115$lBLL01$h1123
=CAT  \\$aBATCH-UPD$b40$c20191122$lBLL01$h1917
=CAT  \\$aIPL-CLA$c20191231$lBLL01$h1910
=CAT  \\$aBATCH-UPD$b00$c20201118$lBLL01$h1351
=CAT  \\$aIPL-CLA$c20201231$lBLL01$h1527
=CAT  \\$aBATCH-UPD$b00$c20221121$lBLL01$h1426
=CAT  \\$aIPL-CLA$c20221231$lBLL01$h1443
=CAT  \\$aR2308-1440$c20230824$lBLL01$h0927
=CAT  \\$aIPL-CLA$c20230930$lBLL01$h0806
=CAT  \\$a10806$b40$c20231006$lBLL01$h0826
=CFI  0\$aCurrent copyright fee: GBP43.00$c2\0$e01-oct-2023$fGBP43.00$g0$hP$5Uk
=CFI  2\$aPrevious copyright fee: GBP43.00$c47\0$e01-jan-2023$fGBP43.00$g0$hP$5Uk
=FFP  \\$aY$bBLDSS-3PM
=FIN  \\$aY
=LEO  \\$aMP22.0000072044
=MNI  \\$a1474-9009
=SID  \\$aZ39$bOCLC
=SRC  \\$aISN01$bbibmp22.200404.2.aa
=TCO  \\$aCLA$bCLA$c008
=TOC  \\$aETOC
=ACF  \\$aPrevious Copyright Fee: GBP18.00$c47\0$e01-apr-2010$fGBP18.00$g0$hP$5Uk
=ACF  \\$aPrevious copyright fee: GBP30.00$c47\0$e01-jul-2012$fGBP30.00$g0$hP$5Uk
=ACF  \\$aPrevious copyright fee: GBP34.00$c47\0$e01-jan-2016$fGBP34.00$g0$hP$5Uk
=ACF  \\$aPrevious copyright fee: GBP33.00$c47\0$e01-jan-2017$fGBP33.00$g0$hP$5Uk
=ACF  \\$aPrevious copyright fee: GBP31.00$c47\0$e01-apr-2016$fGBP31.00$g0$hP$5Uk
=ACF  \\$aPrevious copyright fee: GBP37.00$c47\0$e15-jan-2019$fGBP37.00$g0$hP$5Uk
=ACF  \\$aPrevious copyright fee: GBP39.00$c47\0$e01-jan-2020$fGBP39.00$g0$hP$5Uk
=ACF  \\$aPrevious copyright fee: GBP41.00$c47\0$e01-jan-2021$fGBP41.00$g0$hP$5Uk
=LAS  \\$a10806$b40$c20231006$lBLL01$h0826

