=LDR  02337cas a2200637 i 4500
=001  020088575
=003  Uk
=005  20230426111132.0
=006  m\\\\\\\\d\|\\\\\\
=007  cr||||||||||||
=008  210128c20219999enkbr\p\o\\\\\0\\\a0eng\\
=FMT  \\$a  SE
=015  \\$aGBC1G0059$2bnb
=022  0\$a2752-4191$202
=040  \\$aUk$beng$cUk$erda
=042  \\$aissnuk$aukblsr
=082  04$a616.12$223
=210  0\$aEur. heart j. open
=222  \0$aEuropean heart journal open
=245  00$aEuropean heart journal open.
=246  3\$aEHJ Open
=264  \1$aOxford :$bPublished by Oxford University Press on behalf of the European Society of Cardiology,$c2021-
=300  \\$billustrations (colour)
=310  \\$aBimonthly
=336  \\$atext$2rdacontent
=337  \\$acomputer$2rdamedia
=338  \\$aonline resource$2rdacarrier
=362  0\$aVolume 1, issue 1 (August 2021)-
=500  \\$aTitle from journal homepage (Oxford Academic Web site, viewed September 23, 2021).
=588  \\$aLatest issue consulted: volume 1, issue 2 (September 2021), viewed September 23, 2021.
=540  \\$aCurrent copyright fee: zero$c29\0$5Uk
=650  \0$aCardiology$vPeriodicals.
=650  \0$aHeart$xDiseases$vPeriodicals.
=710  2\$aEuropean Society of Cardiology,$eissuing body.
=859  \\$aELD$bejournal
=856  \\$31850-9999$uhttp://www.oxfordjournals.org/$xBLDSS
=856  40$uhttps://academic.oup.com/ehjopen$xOA-J
=979  \\$aBritish Library$bDSC$j9838.213132N
=985  \\$aISSN UK Centre note: ROAD OA
=CAT  \\$a10973$b40$c20210128$lBLL01$h0708
=CAT  \\$a10806$b40$c20210629$lBLL01$h0759
=CAT  \\$a10806$b40$c20210629$lBLL01$h0800
=CAT  \\$a8483$b40$c20210923$lBLL01$h1118
=CAT  \\$a8483$b40$c20210923$lBLL01$h1119
=CAT  \\$a12654$b40$c20220321$lBLL01$h1243
=CAT  \\$a12654$b40$c20220321$lBLL01$h1251
=CAT  \\$aBATCH-UNOA$c20220323$lBLL01$h0102
=CAT  \\$aBLDSS-3PM$b00$c20220328$lBLL01$h0941
=CAT  \\$aBATCH-UPD$b00$c20220328$lBLL01$h0942
=CAT  \\$aBATCH-SUPP$c20230426$lBLL01$h1111
=CFI  0\$aCurrent copyright fee: zero$c29\0$e21-mar-2022$fGBP0.00$g0$hP$5Uk
=FFP  \\$aY$bBLDSS-3PM
=FIN  \\$aY$d20210629
=LET  \0$aEuropean heart journal open (Electronic)
=UNO  \\$aY
=LAS  \\$aBATCH-SUPP$b00$c20230426$lBLL01$h1111

