=LDR  04151cas a2200985 i 4500
=001  018148124
=003  Uk
=005  20230426111122.0
=006  m\\\\\o\\d\\\\\\\\
=007  cr\un|||||||||
=008  070906d20002006ilufr\p\o\\\\\0\\\a0eng\c
=FMT  \\$a  SE
=010  \\$a  2010250561
=015  \\$aGBB7J6994$2bnb
=022  \\$a2327-9761
=035  \\$a(OCoLC)168251562$z(OCoLC)52536142
=037  \\$a???$bOxford University Press
=040  \\$aOCLCS$beng$cOCLCS$dOCLCS$dBUF$dOCLCQ$dDLC$dOCLCF$dOCLCO$dOCLCQ$dOCLCO$dOCLCQ$dOCLCO$dUAB$dUk
=042  \\$apcc$ansdp$aukblsr
=050  10$aISSN RECORD
=050  \4$aRB37.A1$bP38
=082  00$a616.07$223
=130  0\$aPathology patterns reviews (Online)
=210  0\$aPathol. patterns rev.$b(Online)
=222  \0$aPathology patterns reviews$b(Online)
=245  10$aPathology patterns reviews.
=260  \\$aChicago, IL :$bAmerican Society of Clinical Pathologists
=310  \\$aSemiannual
=336  \\$atext$2rdacontent
=337  \\$acomputer$2rdamedia
=338  \\$aonline resource$2rdacarrier
=362  1\$aPrint began in May 2000; ceased with Dec. 2006.
=515  \\$aVol. designations correspond with the vol. numbering of parent title, American journal of clinical pathology.
=538  \\$aMode of access: World Wide Web.
=588  \\$aDescription based on print version record.
=588  \\$aLatest issue consulted: V. 126 (suppl. 1) (Dec. 2006); (HighWire, viewed Jan. 20, 2010).
=540  \\$aCurrent copyright fee: GBP32.00$c29\0$5Uk
=650  \0$aDiagnosis, Laboratory$vPeriodicals.
=650  \0$aPhysiology, Pathological$vPeriodicals.
=650  \7$aDiagnosis, Laboratory.$2fast$0(OCoLC)fst00892307
=650  \7$aPhysiology, Pathological.$2fast$0(OCoLC)fst01063216
=650  \2$aPathology, Clinical$vPeriodicals.
=650  \2$aLaboratory Techniques and Procedures$vPeriodicals.
=655  \7$aPeriodicals.$2fast$0(OCoLC)fst01411641
=710  2\$aAmerican Society of Clinical Pathologists.
=730  0\$aAmerican journal of clinical pathology.
=772  0\$tAmerican journal of clinical pathology
=776  08$iPrint version:$tPathology patterns reviews$x1542-2305
=785  04$tAmerican journal of clinical pathology (Online)$x1943-7722
=859  \\$aELD$bejournal
=856  \\$31850-9999$uhttp://www.oxfordjournals.org/$xBLDSS
=856  40$uhttp://ajcp.ascpjournals.org/content/supplemental
=856  4\$uhttp://www.metapress.com/content/300402$zLink no longer available as of Jan. 20, 2010:
=856  40$uhttps://academic.oup.com/ppr
=945  \\$aPathology Patterns Reviews.
=979  \\$aBritish Library$bDSC$j6412.825500
=CAT  \\$a10983$b40$c20161219$lBLL01$h1548
=CAT  \\$a5552$b40$c20161223$lBLL01$h0857
=CAT  \\$aIPL-CLA$c20161231$lBLL01$h0026
=CAT  \\$aBATCH-UPD$b00$c20170104$lBLL01$h0049
=CAT  \\$aBLDSS-3PM$b00$c20170116$lBLL01$h1615
=CAT  \\$aBATCH-UPD$b00$c20170116$lBLL01$h1617
=CAT  \\$a10806$b40$c20171018$lBLL01$h1343
=CAT  \\$a10806$b40$c20171018$lBLL01$h1349
=CAT  \\$aBATCH-UPD$b40$c20171121$lBLL01$h1705
=CAT  \\$aW1711-1005$c20171206$lBLL01$h1830
=CAT  \\$aIPL-CLA$c20171231$lBLL01$h1833
=CAT  \\$aBATCH-UPD$b00$c20181217$lBLL01$h1653
=CAT  \\$aIPL-CLA$c20181231$lBLL01$h1556
=CAT  \\$a12654$b40$c20200113$lBLL01$h1243
=CAT  \\$aBATCH-UPD$b40$c20220308$lBLL01$h1729
=CAT  \\$aIPL-CLA$c20220331$lBLL01$h1953
=CAT  \\$aS2302-1302$c20230322$lBLL01$h1707
=CAT  \\$aBATCH-SUPP$c20230426$lBLL01$h1111
=CFI  0\$aCurrent copyright fee: GBP32.00$c29\0$e01-apr-2022$fGBP32.00$g0$hP$5Uk
=CFI  2\$aPrevious copyright fee: GBP29.00$c29\0$e13-jan-2020$fGBP29.00$g0$hP$5Uk
=FFP  \\$aY$bBLDSS-3PM
=FIN  \\$aY$d20171018
=MNI  \\$a1542-2305
=SID  \\$aZ39$bOCLC
=UNO  \\$aY
=ACF  \\$aPrevious copyright fee: GBP26.00$c29\0$e01-jan-2017$fGBP26.00$g0$hP$5Uk
=ACF  \\$aPrevious copyright fee: GBP28.00$c29\0$e01-jan-2019$fGBP28.00$g0$hP$5Uk
=ACF  \\$aPrevious copyright fee: GBP27.00$c29\0$e01-jan-2018$fGBP27.00$g0$hP$5Uk
=LAS  \\$aBATCH-SUPP$b00$c20230426$lBLL01$h1111

