=LDR  05017cas a2201165 a 4500
=001  013038201
=003  Uk
=005  20221231144544.0
=006  m\\\\\o\\d\\\\\\\\
=007  cr\un|||||||||
=008  050615c19379999enktr\pss\bo\\0\\\a0eng\d
=FMT  \\$a  SE
=015  \\$aGBB348183$2bnb
=022  0\$a1745-8234$y0002-6980
=035  \\$a(OCoLC)60640252$z(OCoLC)605743672
=037  \\$aISSN_00026980$bPortico$nManey Publishing
=037  3\$aISSN_00026980_21$bPortico$nTaylor & Francis
=040  \\$aOCLCS$beng$cOCLCS$dZ5A$dTXJ$dOCLCQ$dCO3$dOCLCE$dOCLCQ$dNUI$dOCLCQ$dUk
=042  \\$aukblsr
=050  14$aQD1$b.A385
=060  \4$aW1$bAM105
=082  04$a540.9005$223
=130  0\$aAmbix (Online)
=222  \0$aAmbix$b(Online)
=245  10$aAmbix$h[electronic resource] :$bthe journal of the Society for the Study of Alchemy and Early Chemistry.
=260  \\$a[London :$bTaylor and Francis]
=260  2\$aCambridge :$bW. Heffer & Sons
=260  2\$32004-$aLeeds :$bManey
=264  31$a[Abingdon] :$bTaylor & Francis , Taylor & Francis Group
=310  \\$a3 times a year,$b1959-
=321  \\$aIrregular,$b1937-1958
=336  \\$atext$2rdacontent
=337  \\$acomputer$2rdamedia
=338  \\$aonline resource$2rdacarrier
=362  1\$aPrint began with v. 1, no. 1 (May 1937).
=515  \\$aPublication suspended Dec. 1938-Sept. 1945.
=515  \\$aSome numbers issued in combined form.
=530  \\$aAlso issued in print.
=550  \\$aIssued by the Society under its later name: Society for the History of Alchemy and Chemistry, 1975-.
=555  \\$aVols. 1 (1937)-17 (1970), in v. 17, no. 3 (Nov. 1970). Vol. 1 (1937)-v. 50 (2003), 1 v.
=588  \\$aDescription based on print version record.
=588  \\$aLatest issue consulted: volume 63, issue 3 (2016) (Taylor & Francis Online, viewed February 1, 2017).
=540  \\$aCurrent copyright fee: GBP43.00$c2\0$5Uk
=650  \0$aChemistry$xHistory$vPeriodicals.
=650  \0$aAlchemy$xHistory$vPeriodicals.
=650  \0$aChemical industry$xHistory$vPeriodicals.
=710  2\$aSociety for the Study of Alchemy and Early Chemistry.
=710  2\$aSociety for the History of Alchemy and Chemistry.
=776  1\$tAmbix$x0002-6980
=859  \\$aELD$bejournal
=856  \\$31850-9999$uhttp://maneypublishing.com/$xBLDSS
=856  40$uhttp://www.ingentaconnect.com/content/maney/amb
=945  \\$aAMBIX -LONDON-
=979  \\$aBritish Library$bDSC$j0809.000000
=985  \\$aejournals project 2012
=985  \\$aISSN responsibility transfer to US Center pending (SB 4.12.2020)
=CAT  \\$a11316$b40$c20041116$lBLL01$h1508
=CAT  \\$aBATCH-UPD$b40$c20151119$lBLL01$h1603
=CAT  \\$aIPL-CLA$c20151231$lBLL01$h1920
=CAT  \\$a14448$b40$c20160205$lBLL01$h1105
=CAT  \\$a5552$b40$c20160229$lBLL01$h1403
=CAT  \\$aIPL-CLA$c20160331$lBLL01$h1725
=CAT  \\$aBATCH-UPD$b00$c20160413$lBLL01$h1819
=CAT  \\$a11433$b40$c20160415$lBLL01$h1220
=CAT  \\$aBATCH-UPD$b40$c20160606$lBLL01$h0403
=CAT  \\$a5552$b40$c20161010$lBLL01$h1140
=CAT  \\$aBATCH-UPD$b40$c20161122$lBLL01$h1505
=CAT  \\$aIPL-CLA$c20161230$lBLL01$h2132
=CAT  \\$a5997$b40$c20170201$lBLL01$h0810
=CAT  \\$aBATCH-UPD$b40$c20171121$lBLL01$h1655
=CAT  \\$aW1711-1005$c20171206$lBLL01$h1817
=CAT  \\$aIPL-CLA$c20171231$lBLL01$h1637
=CAT  \\$a10983$b40$c20180525$lBLL01$h0923
=CAT  \\$aBATCH-UPD$b40$c20181217$lBLL01$h1644
=CAT  \\$aIPL-CLA$c20181231$lBLL01$h1541
=CAT  \\$aBATCH-UPD$b00$c20191122$lBLL01$h1906
=CAT  \\$aIPL-CLA$c20191231$lBLL01$h1930
=CAT  \\$aBATCH-UPD$b00$c20201118$lBLL01$h1340
=CAT  \\$a7152$b40$c20201204$lBLL01$h1159
=CAT  \\$aIPL-CLA$c20201231$lBLL01$h1528
=CAT  \\$aBATCH-UPD$b00$c20221121$lBLL01$h1339
=CAT  \\$aIPL-CLA$c20221231$lBLL01$h1445
=CFI  0\$aCurrent copyright fee: GBP43.00$c2\0$e01-jan-2023$fGBP43.00$g0$hP$5Uk
=CFI  2\$aPrevious copyright fee: GBP41.00$c2\0$e01-jan-2021$fGBP41.00$g0$hP$5Uk
=FFP  \\$aY$bBLDSS-3PM
=FIN  \\$aY$d20070113
=LKR  \\$aPAR$b009828776$lBLL01$nAmbix (Print)$mAmbix (Online)$r776
=MNI  \\$a0002-6980
=SID  \\$aZ39$bOCLC
=TCO  \\$aCLA$bCLA$c008
=TOC  \\$aETOC
=ACF  \\$aPrevious Copyright Fee: GBP18.00$c47\0$e01-apr-2010$fGBP18.00$g0$hP$5Uk
=ACF  \\$aPrevious copyright fee: GBP25.00$c47\0$e01-jul-2012$fGBP25.00$g0$hP$5Uk
=ACF  \\$aPrevious copyright fee: GBP26.00$c47\0$e01-jan-2016$fGBP26.00$g0$hP$5Uk
=ACF  \\$aPrevious copyright fee: GBP31.00$c2\0$e01-apr-2016$fGBP31.00$g0$hP$5Uk
=ACF  \\$aPrevious copyright fee: GBP33.00$c2\0$e01-jan-2017$fGBP33.00$g0$hP$5Uk
=ACF  \\$aPrevious copyright fee: GBP35.00$c2\0$e01-jan-2018$fGBP35.00$g0$hP$5Uk
=ACF  \\$aPrevious copyright fee: GBP37.00$c2\0$e01-jan-2019$fGBP37.00$g0$hP$5Uk
=ACF  \\$aPrevious copyright fee: GBP39.00$c2\0$e01-jan-2020$fGBP39.00$g0$hP$5Uk
=LAS  \\$aIPL-CLA$b00$c20221231$lBLL01$h1445

