=LDR  03233cas a2200829 i 4500
=001  013491589
=003  Uk
=005  20170523084727.0
=006  m\\\\\\\\d\|\\\\\\
=007  cr||||||||||||
=008  060614c20079999enkbr\p\o\\\\\0\\\a0eng\\
=FMT  \\$a  SE
=022  0\$a1751-6765$y1751-6757$202
=037  \\$aEJIM$bInderscience
=040  \\$aUk$beng$cUk$dUk$erda
=042  \\$aissnuk$aukblsr
=082  04$a658.005$222
=210  10$aEur. j. int. manag.$b(Online)
=222  \0$aEuropean journal of international management$b(Online)
=245  00$aEuropean journal of international management.
=246  13$aEJIM
=264  \1$a[Olney] :$bInderscience Enterprises Ltd.
=310  \\$aBimonthly,$b2010-
=321  \\$aQuarterly,$b2007-2009
=336  \\$atext$2rdacontent
=337  \\$acomputer$2rdamedia
=338  \\$aonline resource$2rdacarrier
=362  0\$aVol. 1, nos. 1/2 (2007)-
=500  \\$aTitle from table of contents page (publisher's website, viewed December 10, 2014).
=588  \\$aLatest issue consulted: volume 8, number 6 (2014) (viewed December 10, 2014).
=540  \\$aCurrent copyright fee: GBP28.00$c48\0$5Uk
=650  \0$aManagement$vPeriodicals.
=650  \0$aOrganizational behavior$vPeriodicals.
=650  \0$aInternational business enterprises$xManagement$vPeriodicals.
=650  \0$aGlobalization$vPeriodicals.
=690  7\$aManagement and Business Studies$2blcoll
=776  08$iAlso issued in print as:$tEuropean journal of international management$x1751-6757
=859  \\$aELD$bejournal
=856  40$31850-9999$uhttp://www.inderscience.com/$xBLDSS
=856  \\$uhttp://www.inderscience.com/browse/index.php?journalID=216
=945  \\$aEuropean journal of international management.
=979  \\$aBritish Library$cDSC$j3829.730880N
=CAT  \\$a11439$b40$c20060614$lBLL01$h1714
=CAT  \\$a11439$b40$c20060614$lBLL01$h1715
=CAT  \\$a8124$b40$c20070628$lBLL01$h1147
=CAT  \\$a5552$b40$c20110310$lBLL01$h0922
=CAT  \\$aBATCH-UPD$b40$c20110518$lBLL01$h0953
=CAT  \\$aIPL-CLA$c20110630$lBLL01$h1546
=CAT  \\$a8201$b40$c20140819$lBLL01$h1442
=CAT  \\$aBLDSS-3PM$b00$c20141016$lBLL01$h1329
=CAT  \\$a8323$b40$c20141210$lBLL01$h1112
=CAT  \\$a8323$b40$c20141210$lBLL01$h1138
=CAT  \\$a10902$b40$c20141210$lBLL01$h1405
=CAT  \\$aBATCH-MBS$c20141219$lBLL01$h2210
=CAT  \\$a10806$b40$c20150120$lBLL01$h1134
=CAT  \\$aBATCH-UPD$b40$c20150921$lBLL01$h0701
=CAT  \\$aBATCH-UPD$b40$c20160413$lBLL01$h1820
=CAT  \\$aBATCH-UPD$b40$c20160524$lBLL01$h2240
=CAT  \\$aBATCH-UPD$b40$c20160525$lBLL01$h0449
=CAT  \\$aW1610-0943$c20161017$lBLL01$h0903
=CAT  \\$a5552$b40$c20170523$lBLL01$h0847
=CAT  \\$aW1711-1005$c20171206$lBLL01$h1819
=CFI  0\$aCurrent copyright fee: GBP28.00$c48\0$e01-jul-2011$fGBP28.00$g0$hP$5Uk
=CFI  2\$aPrevious copyright fee: GBP20.00$c48\0$e10-mar-2011$fGBP20.00$g0$hP$5Uk
=FFP  \\$aY$bBLDSS-3PM
=FIN  \\$aY$d20070628
=LET  \0$aEuropean journal of international management (Electronic)
=MNI  \\$a1751-6757
=TCO  \\$aCLA$bCLA$c008
=TOC  \\$aETOC
=UNO  \\$aY
=LAS  \\$aW1711-1005$b00$c20171206$lBLL01$h1819

