=LDR  03137cas a2200781 i 4500
=001  020183863
=003  Uk
=005  20220930143041.0
=006  m\\\\\|\\d\|\\\\\\
=007  cr\|||||||||||
=008  210506c19909999enkqr\p\o\\\\\0\\\a0eng\\
=FMT  \\$a  SE
=022  0\$a2667-0526
=040  \\$aUk$beng$cUk$erda
=042  \\$aukblsr
=082  04$a610.966905$223
=222  \0$aNigerian journal of medicine$b(Online)
=245  00$aNigerian journal of medicine.
=264  \1$a[Lagos, Nigeria] :$bNational Association of Resident Doctors of Nigeria
=264  31$a[India] :$bWolters Kluwer - Medknow
=300  \\$billustrations (black and white, and colour)
=310  \\$aQuarterly
=336  \\$atext$2rdacontent
=337  \\$acomputer$2rdamedia
=338  \\$aonline resource$2rdacarrier
=362  1\$aPrint began in 1990.
=588  \\$aDescription based on: Print version record.
=588  \\$aLatest issue consulted: volume 30, no. 2 (2021) (African Journals Online, viewed May 6, 2021).
=540  \\$aCurrent copyright fee: GBP12.50$c111\0$5Uk
=650  \0$aMedicine$zNigeria$vPeriodicals.
=650  12$aMedicine$vPeriodicals.
=710  2\$aNational Association of Resident Doctors of Nigeria,$eissuing body.
=776  08$iPrint version -2010:$tNigerian journal of medicine$x1115-2613
=859  \\$aELD$bejournal
=856  \\$31850-9999$uhttp://www.medknow.com/$xBLDSS
=856  40$uhttps://www.ajol.info/index.php/njm
=945  \\$aNigerian journal of medicine
=979  \\$aBritish Library$bDSS$j6112.126850
=985  \\$aWFH record (CS) 2021
=CAT  \\$a8124$b40$c20210506$lBLL01$h0849
=CAT  \\$a12654$b40$c20210512$lBLL01$h0952
=CAT  \\$a8124$b40$c20210513$lBLL01$h1424
=CAT  \\$a12654$b40$c20210518$lBLL01$h0809
=CAT  \\$aBLDSS-3PM$b00$c20210518$lBLL01$h1441
=CAT  \\$aBATCH-UPD$b00$c20210518$lBLL01$h1443
=CAT  \\$a5410$b40$c20210530$lBLL01$h1233
=CAT  \\$a5410$b40$c20210531$lBLL01$h2112
=CAT  \\$a5410$b40$c20210531$lBLL01$h2113
=CAT  \\$a5410$b40$c20210603$lBLL01$h1453
=CAT  \\$a5410$b40$c20210613$lBLL01$h1244
=CAT  \\$a5410$b40$c20210629$lBLL01$h1323
=CAT  \\$a12654$b40$c20210708$lBLL01$h0859
=CAT  \\$a5410$b40$c20210711$lBLL01$h2148
=CAT  \\$aBATCH-UPD$b40$c20220520$lBLL01$h1606
=CAT  \\$aIPL-CLA$c20220630$lBLL01$h1541
=CAT  \\$aBATCH-UPD$b00$c20220824$lBLL01$h0837
=CAT  \\$aIPL-CLA$c20220930$lBLL01$h1430
=CFI  0\$aCurrent copyright fee: GBP12.50$c111\0$e01-oct-2022$fGBP12.50$g0$hP$5Uk
=CFI  2\$aPrevious copyright fee: GBP12.00$c111\0$e01-jul-2022$fGBP12.00$g0$hP$5Uk
=FFP  \\$aY$bBLDSS-3PM
=FIN  \\$aY$d20210506
=LET  \0$aNigerian journal of medicine (Electronic)
=LKR  \\$aPAR$b005498193$lBLL01$r776$mNigerian journal of medicine (Online)$nNigerian journal of medicine (Print)
=MNI  \\$a1115-2613
=TOC  \\$aETOC
=ACF  \\$aPrevious copyright fee: GBP15.00$c111\0$e12-may-2021$fGBP15.00$g0$hP$5Uk
=ACF  \\$aPrevious copyright fee: GBP10.71$c111\0$e08-jul-2021$fGBP10.71$g0$hP$5Uk
=LAS  \\$aIPL-CLA$b00$c20220930$lBLL01$h1430

