=LDR  04056cas a2200973 i 4500
=001  019054445
=003  Uk
=005  20220930143031.0
=006  m\\\\\\\\d\|||||||
=007  cr\|||||||||||
=008  180918d20152019sz\qr\p\\\\\\\0\\\a0eng\\
=FMT  \\$a  SE
=015  \\$aGBC0G5943$2bnb
=022  0\$a2296-9179
=040  \\$aUk$beng$cUk$erda
=042  \\$aukblsr
=082  04$a616.8$223
=210  0\$aMol. neuropsychiatry$b(Online)
=222  \0$aMolecular neuropsychiatry$b(Online)
=245  00$aMolecular neuropsychiatry.
=264  \1$aBasel :$bS. Karger,$c2015-2019.
=300  \\$billustrations (black and white, and colour)
=310  \\$aQuarterly
=336  \\$atext$2rdacontent
=337  \\$acomputer$2rdamedia
=338  \\$aonline resource$2rdacarrier
=362  0\$aVol. 1, no. 1 (May 2015)-
=500  \\$aJournal issues migrated to Complex Psychiatry website, 2020-.
=500  \\$aTitle from PDF header (Publisher's website, viewed October 27, 2020).
=588  \\$aLatest issue consulted: volume 5, number 4 (October 2019) (viewed October 27, 2020).
=540  \\$aCurrent copyright fee: GBP35.00$c24\0$5Uk
=650  \0$aNeuropsychiatry$vPeriodicals.
=650  \0$aNervous system$xDiseases$vPeriodicals.
=785  00$tComplex psychiatry$x2673-298X
=856  4\$31850-9999$uhttp://www.karger.com/$xBLDSS
=856  4\$uhttps://www.karger.com/Journal/Home/279018
=856  40$uhttps://www.karger.com/Journal/Home/261873
=859  \\$aELD$bejournal
=945  \\$aMolecular neuropsychiatry.
=979  \\$aBritish Library$bDSC$c5900.817991N
=985  \\$a3rd party access title for Remote supply please retain as base record when merging/deleting
=CAT  \\$a5552$b40$c20180918$lBLL01$h1332
=CAT  \\$a12654$b40$c20200116$lBLL01$h1208
=CAT  \\$a8055$b40$c20200212$lBLL01$h1124
=CAT  \\$aBATCH-UPD$b40$c20200219$lBLL01$h1520
=CAT  \\$a10806$b40$c20200225$lBLL01$h1128
=CAT  \\$a10806$b40$c20200225$lBLL01$h1211
=CAT  \\$a5410$b40$c20200228$lBLL01$h1053
=CAT  \\$a5410$b40$c20200228$lBLL01$h1054
=CAT  \\$a5410$b40$c20200304$lBLL01$h1109
=CAT  \\$aIPL-CLA$c20200331$lBLL01$h1638
=CAT  \\$aBATCH-UPD$b00$c20200522$lBLL01$h1505
=CAT  \\$aIPL-CLA$c20200701$lBLL01$h0125
=CAT  \\$a8055$b40$c20201023$lBLL01$h1353
=CAT  \\$a8124$b40$c20201027$lBLL01$h1445
=CAT  \\$a8124$b40$c20201027$lBLL01$h1448
=CAT  \\$a8124$b40$c20201105$lBLL01$h1416
=CAT  \\$aBATCH-UPD$b40$c20201126$lBLL01$h1124
=CAT  \\$aIPL-CLA$c20201231$lBLL01$h1534
=CAT  \\$aBATCH-UPD$b00$c20210226$lBLL01$h1046
=CAT  \\$aIPL-CLA$c20210331$lBLL01$h1704
=CAT  \\$aBATCH-UPD$b00$c20210707$lBLL01$h1610
=CAT  \\$aIPL-CLA$c20210707$lBLL01$h1845
=CAT  \\$aBATCH-UPD$b00$c20220520$lBLL01$h1649
=CAT  \\$aIPL-CLA$c20220630$lBLL01$h1541
=CAT  \\$aBATCH-UPD$b00$c20220824$lBLL01$h0915
=CAT  \\$aIPL-CLA$c20220930$lBLL01$h1430
=CFI  0\$aCurrent copyright fee: GBP35.00$c24\0$e01-oct-2022$fGBP35.00$g0$hP$5Uk
=CFI  2\$aPrevious copyright fee: GBP33.60$c24\0$e01-jul-2022$fGBP33.60$g0$hP$5Uk
=FFP  \\$aY$bBLDSS-3PM
=FIN  \\$aY$d20201027
=LET  \0$aMolecular neuropsychiatry (Electronic)
=MNI  \\$a2296-9209
=TOC  \\$aETOC
=UNO  \\$aY
=ACF  \\$aPrevious copyright fee: GBP28.21$c24\0$e18-sep-2018$fGBP28.21$g0$hP$5Uk
=ACF  \\$aPrevious copyright fee: GBP30.38$c24\0$e01-oct-2018$fGBP30.38$g0$hP$5Uk
=ACF  \\$aPrevious copyright fee: GBP31.60$c24\0$e01-oct-2019$fGBP31.60$g0$hP$5Uk
=ACF  \\$aPrevious copyright fee: GBP30.38$c24\0$e01-apr-2020$fGBP30.38$g0$hP$5Uk
=ACF  \\$aPrevious copyright fee: GBP31.60$c24\0$e01-jul-2020$fGBP31.60$g0$hP$5Uk
=ACF  \\$aPrevious copyright fee: GBP33.60$c24\0$e01-jan-2021$fGBP33.60$g0$hP$5Uk
=ACF  \\$aPrevious copyright fee: GBP31.11$c24\0$e01-apr-2021$fGBP31.11$g0$hP$5Uk
=ACF  \\$aPrevious copyright fee: GBP30.00$c24\0$e07-jul-2021$fGBP30.00$g0$hP$5Uk
=LAS  \\$aIPL-CLA$b00$c20220930$lBLL01$h1430

