=LDR  05486cas a2201261 i 4500
=001  018085990
=003  Uk
=005  20220930143012.0
=006  m\\\\\o\\d\\\\\\\\
=007  cr\|||||||||||
=008  111021c20099999ii\br\p\o\\\\\0\\\a0eng\d
=FMT  \\$a  SE
=010  \\$a  2011322585
=022  \\$a0976-1799$l0976-1799$y0976-7428
=035  \\$a(OCoLC)757912704$z(OCoLC)967860959$z(OCoLC)1158193067
=040  \\$aHNK$beng$cHNK$dOCLCQ$dTXA$dOCLCF$dOCLCO$dOCLCQ$dCASUM$dOCLCA$dBUF$dUk$erda
=042  \\$aukblsr
=050  \4$aRK1$b.J785
=060  00$aW1$bJO718M
=082  04$a617.6005$223
=222  \0$aJournal of international oral health$b(Online)
=245  00$aJournal of international oral health.
=246  1\$aJ. int. oral health
=246  1\$aJIOH
=264  \1$aAhmedabad :$bInternational Society of Preventive and Community Dentistry
=264  31$a[India] :$bWolters Kluwer-Medknow
=300  \\$aonline resource (volumes ;$c30 cm)
=310  \\$aBimonthly,$b2013-
=321  \\$aOne issue a year,$b2009
=321  \\$aFour issues a year,$b2010
=321  \\$aSix issues a year,$b2011
=321  \\$aThree issues a year,$b2012
=336  \\$atext$btxt$2rdacontent
=337  \\$acomputer$bc$2rdamedia
=338  \\$aonline resource$bcr$2rdacarrier
=362  1\$aPrint began with vol. 1, issue 1 (Dec. 2009).
=588  0\$aVol. 2, issue 1 (June 2010); title from PDF article running title (ISPCD site, viewed Dec. 5, 2013).
=588  \\$aLatest issue consulted: volume 13, issue 2 (March/April 2021) (jioh.org, viewed April 28, 2021).
=540  \\$aCurrent copyright fee: GBP12.50$c111\0$5Uk
=650  \0$aOral medicine$vPeriodicals.
=650  \0$aDentistry$vPeriodicals.
=650  \7$aDentistry.$2fast$0(OCoLC)fst00890633
=650  \7$aOral medicine.$2fast$0(OCoLC)fst01047088
=650  12$aOral Health$vPeriodicals.
=650  22$aOral Medicine$vPeriodicals.
=655  \7$aPeriodicals.$2fast$0(OCoLC)fst01411641
=655  \4$aFulltext.
=655  \4$aInternet Resources.
=655  \4$aPeriodicals.
=710  2\$aInternational Society of Preventive and Community Dentistry,$eissuing body.
=776  08$iPrint version:$tJournal of international oral health$x0976-7428
=856  4\$31850-9999$uhttp://www.medknow.com/$xBLDSS
=859  \\$aELD$bejournal
=856  40$uhttp://www.ispcd.org/journal-of-international-oral-health.html
=856  40$uhttp://www.ncbi.nlm.nih.gov/pmc/journals/1998/
=856  40$uhttp://search.proquest.com/publication/646413
=856  40$uhttps://www.ncbi.nlm.nih.gov/pmc/journals/1998/
=856  40$uhttp://www.jioh.org/backissues.asp
=945  \\$aJournal of international oral health.
=979  \\$aBritish Library$bDSC$j5007.679600N
=985  \\$a3rd party access title for Remote supply please retain as base record when merging/deleting
=985  \\$aWFH record (CS) 2021
=CAT  \\$a5552$b40$c20161103$lBLL01$h1427
=CAT  \\$aBATCH-UPD$b00$c20170216$lBLL01$h1754
=CAT  \\$aIPL-CLA$c20170331$lBLL01$h1929
=CAT  \\$aBATCH-UPD$b00$c20170904$lBLL01$h1753
=CAT  \\$aIPL-CLA$c20170929$lBLL01$h1814
=CAT  \\$aBATCH-UPD$b00$c20180223$lBLL01$h1559
=CAT  \\$aIPL-CLA$c20180331$lBLL01$h1720
=CAT  \\$aBATCH-UPD$b00$c20180823$lBLL01$h1912
=CAT  \\$aIPL-CLA$c20180930$lBLL01$h1521
=CAT  \\$aBATCH-UPD$b00$c20190829$lBLL01$h1452
=CAT  \\$aIPL-CLA$c20190930$lBLL01$h1658
=CAT  \\$aBATCH-UPD$b00$c20200219$lBLL01$h1440
=CAT  \\$aIPL-CLA$c20200331$lBLL01$h1636
=CAT  \\$aBATCH-UPD$b00$c20200522$lBLL01$h1429
=CAT  \\$aIPL-CLA$c20200701$lBLL01$h0123
=CAT  \\$aBATCH-UPD$b00$c20210226$lBLL01$h1010
=CAT  \\$aIPL-CLA$c20210331$lBLL01$h1908
=CAT  \\$a8124$b40$c20210428$lBLL01$h1357
=CAT  \\$a5410$b40$c20210429$lBLL01$h1045
=CAT  \\$a5410$b40$c20210515$lBLL01$h1201
=CAT  \\$aBATCH-UPD$b40$c20210707$lBLL01$h1533
=CAT  \\$aIPL-CLA$c20210707$lBLL01$h1845
=CAT  \\$aBATCH-UPD$b00$c20220520$lBLL01$h1606
=CAT  \\$aIPL-CLA$c20220630$lBLL01$h1540
=CAT  \\$aBATCH-UPD$b00$c20220824$lBLL01$h0837
=CAT  \\$aIPL-CLA$c20220930$lBLL01$h1430
=CFI  0\$aCurrent copyright fee: GBP12.50$c111\0$e01-oct-2022$fGBP12.50$g0$hP$5Uk
=CFI  2\$aPrevious copyright fee: GBP12.00$c111\0$e01-jul-2022$fGBP12.00$g0$hP$5Uk
=FFP  \\$aY$bBLDSS-3PM
=FIN  \\$aY$d20210428
=LET  \0$aJournal of international oral health (Electronic)
=MNI  \\$a0976-1799
=SID  \\$aZ39$bOCLC
=TOC  \\$aETOC
=UNO  \\$aY
=ACF  \\$aPrevious copyright fee: GBP11.11$c111\0$e03-nov-2016$fGBP11.11$g0$hP$5Uk
=ACF  \\$aPrevious copyright fee: GBP12.00$c111\0$e01-apr-2017$fGBP12.00$g0$hP$5Uk
=ACF  \\$aPrevious copyright fee: GBP11.54$c111\0$e01-oct-2017$fGBP11.54$g0$hP$5Uk
=ACF  \\$aPrevious copyright fee: GBP10.71$c111\0$e01-apr-2018$fGBP10.71$g0$hP$5Uk
=ACF  \\$aPrevious copyright fee: GBP11.54$c111\0$e01-oct-2018$fGBP11.54$g0$hP$5Uk
=ACF  \\$aPrevious copyright fee: GBP12.00$c111\0$e01-oct-2019$fGBP12.00$g0$hP$5Uk
=ACF  \\$aPrevious copyright fee: GBP11.54$c111\0$e01-apr-2020$fGBP11.54$g0$hP$5Uk
=ACF  \\$aPrevious copyright fee: GBP12.00$c111\0$e01-jul-2020$fGBP12.00$g0$hP$5Uk
=ACF  \\$aPrevious copyright fee: GBP11.11$c111\0$e01-apr-2021$fGBP11.11$g0$hP$5Uk
=ACF  \\$aPrevious copyright fee: GBP10.71$c111\0$e07-jul-2021$fGBP10.71$g0$hP$5Uk
=LAS  \\$aIPL-CLA$b00$c20220930$lBLL01$h1430

