=LDR  02556cas a22006497a 4500
=001  015843306
=003  Uk
=005  20220725092650.0
=006  m\\\\\\\\d\|\\\\\\
=007  cr||||||||||||
=008  110707d20042012enkmr\p\s\\\\\0\\\a0eng\\
=FMT  \\$a  SE
=022  0\$a2047-2889$202
=040  \\$aUk$beng$cUk$dUk
=042  \\$aissnuk
=210  0\$aOncol. times$b(UK & Eire ed. Online)
=222  \0$aOncology times$b(UK & Eire ed. Online)
=245  00$aOncology times$h[electronic resource].
=246  13$aOncology times (UK ed.)
=250  \\$aUK & Eire [ed.].
=260  \\$aLondon :$bLippincott Williams & Wilkins
=310  \\$aMonthly
=336  \\$atext$2rdacontent
=337  \\$acomputer$2rdamedia
=338  \\$aonline resource$2rdacarrier
=362  0\$a-volume 9, issue 12 December 2012.
=540  \\$aCurrent copyright fee: GBP32.00$c20\0$5Uk
=776  0\$tOncology times (UK & Eire edition)$x1742-8009
=787  0\$tOncology times (Online)$x1548-4688
=859  \\$aELD$bejournal
=856  \\$31850-9999$uhttp://journals.lww.com/pages/default.aspx$xBLDSS
=856  40$uhttp://journals.lww.com/oncotimesuk/
=945  \\$aOncology times.
=985  \\$aISSN description based on: Vol. 1, issue 2 (Mar. 2004); title from publishers block PDF (publisher's Web site viewed July 7, 2011). PDF of cover not available. Later issues may have only 'UK ed.' on covers? Consider treating as minor title change if coverage remains the same? - sf 7.7.11
=CAT  \\$a11316$b40$c20110707$lBLL01$h1052
=CAT  \\$a10902$b40$c20150527$lBLL01$h1200
=CAT  \\$a11316$b40$c20150527$lBLL01$h1408
=CAT  \\$a11316$b40$c20150527$lBLL01$h1425
=CAT  \\$a11316$b40$c20150527$lBLL01$h1427
=CAT  \\$a5552$b40$c20160119$lBLL01$h0934
=CAT  \\$aBLDSS-3PM$b00$c20160201$lBLL01$h1812
=CAT  \\$aBATCH-UPD$b00$c20160217$lBLL01$h1712
=CAT  \\$aIPL-CLA$c20160331$lBLL01$h1805
=CAT  \\$aBATCH-UPD$b00$c20160413$lBLL01$h1825
=CAT  \\$aBATCH-UPD$b00$c20160524$lBLL01$h2159
=CAT  \\$aBATCH-UPD$b00$c20160524$lBLL01$h2304
=CAT  \\$a5552$b40$c20170321$lBLL01$h1323
=CAT  \\$aW1711-1005$c20171206$lBLL01$h1823
=CAT  \\$a5410$b40$c20220725$lBLL01$h0926
=CFI  0\$aCurrent copyright fee: GBP32.00$c20\0$e01-apr-2016$fGBP32.00$g0$hP$5Uk
=CFI  2\$aPrevious copyright fee: GBP30.32$c20\0$e19-jan-2016$fGBP30.32$g0$hP$5Uk
=FFP  \\$aY$bBLDSS-3PM
=FIN  \\$aY$d20110707
=TCO  \\$aCLA$bCLA$c008
=TOC  \\$aETOC
=UNO  \\$aY
=LAS  \\$a5410$b40$c20220725$lBLL01$h0926

