=LDR  04419cas a2201021 i 4500
=001  014055824
=003  Uk
=005  20220930142735.0
=006  m\\\\\\\\d\|\\\\\\
=007  cr\|||||||||||
=008  071008c20009999ii\qr\p\s\\\\\0\\\a0eng\\
=FMT  \\$a  SE
=022  \\$a0973-0311
=040  \\$aUk$beng$cUk$erda
=042  \\$aukblsr
=082  04$a617.96$223
=222  \4$aThe Indian Anaesthetists' Forum
=245  04$aThe Indian anaesthetists' forum.
=264  \1$aJodhpur :$bIndian Anaesthetists' Forum,$c[2000]-
=264  31$a[India] :$bWolters Kluwer - Medknow
=300  \\$billustrations (colour)
=310  \\$aSemiannual
=321  \\$aQuarterly
=336  \\$atext$2rdacontent
=337  \\$acomputer$2rdamedia
=338  \\$aonline resource$2rdacarrier
=362  1\$aBegan in 2000.
=588  \\$aDescription based on: volume 17, issue 1 (January/June 2021); title from table of contents page (https://www.theiaforum.org/, viewed May 4, 2021).
=588  \\$aLatest issue consulted: volume 22, issue 1 (January-June 2021) (viewed May 4, 2021).
=538  \\$aMode of access: Internet.
=540  \\$aCurrent copyright fee: GBP12.50$c111\0$5Uk
=650  \0$aAnesthesiology$vPeriodicals.
=650  \0$aAnesthesiology$zIndia$vPeriodicals.
=710  2\$aAll India Institute of Medical Sciences, Jodhpur.$bDepartment of Anaesthesiology, Critical Care, and Pain Management,$eissuing body.
=710  2\$aIndian Anaesthetists' Forum,$eissuing body.
=856  4\$31850-9999$uhttp://www.medknow.com/$xBLDSS
=856  40$uhttps://www.theiaforum.org/
=859  \\$aELD$bejournal
=945  \\$aIndian anaesthetists forum
=979  \\$aBritish Library$bDSC$j4391.835500N
=985  \\$aWFH record (CS) 2021
=CAT  \\$a8291$b40$c20071008$lBLL01$h1546
=CAT  \\$aBATCH-UPD$b00$c20170904$lBLL01$h1753
=CAT  \\$aIPL-CLA$c20170929$lBLL01$h1740
=CAT  \\$aBATCH-UPD$b00$c20180223$lBLL01$h1559
=CAT  \\$aIPL-CLA$c20180331$lBLL01$h1632
=CAT  \\$aBATCH-UPD$b00$c20180823$lBLL01$h1912
=CAT  \\$aIPL-CLA$c20180930$lBLL01$h1506
=CAT  \\$aBATCH-UPD$b00$c20190829$lBLL01$h1451
=CAT  \\$aIPL-CLA$c20190930$lBLL01$h1642
=CAT  \\$aBATCH-UPD$b00$c20200219$lBLL01$h1439
=CAT  \\$aIPL-CLA$c20200331$lBLL01$h1619
=CAT  \\$aBATCH-UPD$b00$c20200522$lBLL01$h1429
=CAT  \\$aIPL-CLA$c20200701$lBLL01$h0101
=CAT  \\$aBATCH-UPD$b00$c20210226$lBLL01$h1009
=CAT  \\$aIPL-CLA$c20210331$lBLL01$h1848
=CAT  \\$a5552$b40$c20210430$lBLL01$h1010
=CAT  \\$a8055$b40$c20210504$lBLL01$h1131
=CAT  \\$a8124$b40$c20210504$lBLL01$h1509
=CAT  \\$a8871$b40$c20210506$lBLL01$h0926
=CAT  \\$a8124$b40$c20210513$lBLL01$h1423
=CAT  \\$aBATCH-UPD$b40$c20210707$lBLL01$h1533
=CAT  \\$aIPL-CLA$c20210707$lBLL01$h1843
=CAT  \\$aBATCH-UPD$b00$c20220520$lBLL01$h1605
=CAT  \\$aIPL-CLA$c20220630$lBLL01$h1538
=CAT  \\$aBATCH-UPD$b00$c20220824$lBLL01$h0836
=CAT  \\$aIPL-CLA$c20220930$lBLL01$h1427
=CFI  0\$aCurrent copyright fee: GBP12.50$c111\0$e01-oct-2022$fGBP12.50$g0$hP$5Uk
=CFI  2\$aPrevious copyright fee: GBP12.00$c111\0$e01-jul-2022$fGBP12.00$g0$hP$5Uk
=FFP  \\$aY$bBLDSS-3PM
=FIN  \\$aY$d20210504
=LET  \4$aThe Indian anaesthetists' forum (Electronic)
=MNI  \\$a0973-0311
=TCO  \\$aXXX$c008
=TOC  \\$aETOC
=UNO  \\$aY
=ACF  \\$aPrevious copyright fee: GBP10.34$c111\0$e27-apr-2016$fGBP10.34$g0$hP$5Uk
=ACF  \\$aPrevious copyright fee: GBP11.11$c111\0$e01-oct-2016$fGBP11.11$g0$hP$5Uk
=ACF  \\$aPrevious copyright fee: GBP12.00$c111\0$e01-apr-2017$fGBP12.00$g0$hP$5Uk
=ACF  \\$aPrevious copyright fee: GBP11.54$c111\0$e01-oct-2017$fGBP11.54$g0$hP$5Uk
=ACF  \\$aPrevious copyright fee: GBP10.71$c111\0$e01-apr-2018$fGBP10.71$g0$hP$5Uk
=ACF  \\$aPrevious copyright fee: GBP11.54$c111\0$e01-oct-2018$fGBP11.54$g0$hP$5Uk
=ACF  \\$aPrevious copyright fee: GBP12.00$c111\0$e01-oct-2019$fGBP12.00$g0$hP$5Uk
=ACF  \\$aPrevious copyright fee: GBP11.54$c111\0$e01-apr-2020$fGBP11.54$g0$hP$5Uk
=ACF  \\$aPrevious copyright fee: GBP12.00$c111\0$e01-jul-2020$fGBP12.00$g0$hP$5Uk
=ACF  \\$aPrevious copyright fee: GBP11.11$c111\0$e01-apr-2021$fGBP11.11$g0$hP$5Uk
=ACF  \\$aPrevious copyright fee: GBP10.71$c111\0$e07-jul-2021$fGBP10.71$g0$hP$5Uk
=LAS  \\$aIPL-CLA$b00$c20220930$lBLL01$h1427

