=LDR  02737aas a2200769 a 4500
=001  014489515
=003  Uk
=005  20210623111933.0
=006  m\\\\\\\\d\\\\\\\\
=007  cr\|||||||||||
=008  080326d20082014enk\x\p\s\\\\\0\\\a0eng\c
=FMT  \\$a  SE
=010  \\$a2008243346
=015  \\$aGBB0C6301$2bnb
=016  7\$a101469814$2DNLM
=016  7\$a2419739-7$2DE-600
=022  0\$a1756-6649$202
=035  \\$a(OCoLC)219471879
=040  \\$aNLM$cNLM$dCDS$dCUS$dOCLCQ$dHEBIS$dUk
=042  \\$aissnuk$aukblsr
=050  \4$aR895.A1
=060  10$aW1
=082  04$a610.153$222
=210  0\$aBMC med. phys.
=222  \0$aBMC medical physics
=245  00$aBMC medical physics$h[electronic resource].
=246  13$aBioMed Central medical physics
=246  13$aMedical physics
=260  \\$aLondon :$bBioMed Central,$c[2008]-[2014].
=336  \\$atext$2rdacontent
=337  \\$acomputer$2rdamedia
=338  \\$aonline resource$2rdacarrier
=362  1\$aBegan with: 8:1 (Mar. 13, 2008).
=362  1\$aCeased with volume 14 (2014).
=580  \\$aIncludes issues of earlier title: BMC nuclear medicine.
=588  \\$aLatest issue consulted: 14:3 (17 June 2014).
=500  \\$aDescription based on first issue; title from journal homepage (publisher's Web site, viewed Mar. 26, 2008).
=515  \\$aArticles are added consecutively to the current annual vol.
=540  \\$aCurrent Copyright Fee: zero$c22\1$5Uk
=650  \0$aMedical physics$vPeriodicals.
=650  \0$aNuclear medicine$vPeriodicals.
=780  10$tBMC nuclear medicine$x1471-2385
=859  \\$aELD$bejournal
=856  \\$31850-9999$uhttp://link.springer.com/$xBLDSS
=856  40$uhttp://www.biomedcentral.com/bmcmedphys/
=856  40$uhttp://www.pubmedcentral.nih.gov/tocrender.fcgi?journal=601&action=archive
=945  \\$aBMC medical physics
=979  \\$aBritish Library$bDSC$j2116.050962N
=985  \\$aLegal Deposit ejournals
=CAT  \\$a6537$b40$c20080110$lBLL01$h1107
=CAT  \\$a6537$b40$c20080611$lBLL01$h1259
=CAT  \\$a3072$b40$c20101019$lBLL01$h1714
=CAT  \\$a3072$b40$c20101019$lBLL01$h1723
=CAT  \\$a3072$b40$c20101020$lBLL01$h1355
=CAT  \\$aWR14.047$c20140417$lBLL01$h1645
=CAT  \\$a10973$b40$c20150413$lBLL01$h1436
=CAT  \\$aW1711-1005$c20171206$lBLL01$h1820
=CAT  \\$a5552$b40$c20210616$lBLL01$h0857
=CAT  \\$aBLDSS-3PM$b00$c20210623$lBLL01$h1119
=CAT  \\$aBATCH-UPD$b00$c20210623$lBLL01$h1120
=CFI  0\$aCurrent Copyright Fee: zero$c22\1$e16-jun-2021$fGBP0.00$g0$hP$5Uk
=FFP  \\$aY$bBLDSS-3PM
=FIN  \\$aY$d20080611
=SID  \\$aZ39$bOCLC
=TCO  \\$aCLA$bCLA$c008
=UNO  \\$aY
=LAS  \\$aBATCH-UPD$b00$c20210623$lBLL01$h1120

