=LDR  02891cas a2200721 a 4500
=001  020749764
=003  Uk
=005  20230823144101.0
=006  m\\\\\|\\d\|\\\\\\
=007  cr||||||||||||
=008  040409c19999999enktr\p\\\\\\\0\\\a0eng\\
=FMT  \\$a  SE
=040  \\$aUk$beng$cUk
=042  \\$aukblsr
=082  04$a658.005$223
=245  00$aZhonggu kuaji yu caiwu yanjiu =$bChina accounting and finance review.
=246  1\$iMinor title change:$aChina accounting and finance review$f2022-
=246  13$aCAFR
=260  \\$aHong Kong :$bOxford University Press for the Hong Kong Polytechnic University and Tsinghua University
=264  31$32022:$aBingley :$bEmerald Publishing
=310  \\$aThree issues yearly,$b<2022>-
=321  \\$aTwo issues yearly
=336  \\$atext$2rdacontent
=337  \\$acomputer$2rdamedia
=338  \\$aonline resource$2rdacarrier
=362  1\$aPrint began with Vol. 1, no. 1 (Mar. 1999).
=588  \\$aDescription based on print version record.
=588  \\$aLatest issue consulted: volume 24, issue 3 (2022) (Emerald Insight, viewed September 20, 2022).
=546  \\$aText in Chinese and English; from <2022> in English.
=540  \\$aCurrent Copyright Fee: zero$c25\0$5Uk
=650  \0$aBusiness$vPeriodicals.
=650  \0$aAccounting$vPeriodicals.
=650  \0$aFinance$vPeriodicals.
=776  08$iAlso issued in print as:$tZhongguo kuai ji yu cai wu yan jiu$x1029-807X
=710  2\$aHong Kong Polytechnic University.
=710  2\$aQing hua da xue (Beijing, China)
=859  \\$aELD$bejournal
=856  \\$31850-9999$uhttp://www.emeraldinsight.com/$xBLDSS
=856  40$uhttps://www.emerald.com/insight/publication/issn/1029-807X
=945  \\$aChina accounting and finance review.
=979  \\$aBritish Library$bDSC$j3180.080100
=CAT  \\$a3072$b40$c20220920$lBLL01$h1600
=CAT  \\$a12654$b40$c20230718$lBLL01$h0809
=CAT  \\$a12654$b40$c20230718$lBLL01$h0815
=CAT  \\$a12654$b40$c20230718$lBLL01$h0825
=CAT  \\$aBATCH-UNOA$c20230719$lBLL01$h0127
=CAT  \\$aBLDSS-3PM$b00$c20230724$lBLL01$h1251
=CAT  \\$aBATCH-UPD$b00$c20230724$lBLL01$h1252
=CAT  \\$a12654$b40$c20230725$lBLL01$h0928
=CAT  \\$a5410$b40$c20230803$lBLL01$h1012
=CAT  \\$a5410$b40$c20230803$lBLL01$h1013
=CAT  \\$a5410$b40$c20230807$lBLL01$h1209
=CAT  \\$a5410$b40$c20230807$lBLL01$h1211
=CAT  \\$a5410$b40$c20230823$lBLL01$h1440
=CAT  \\$a5410$b40$c20230823$lBLL01$h1441
=CFI  0\$aCurrent Copyright Fee: zero$c25\0$e09-feb-2023$fGBP0.00$g0$hP$5Uk
=FFP  \\$aY$bBLDSS-3PM
=LET  \0$aChina accounting and finance review (Electronic)
=LKR  \\$aPAR$b012391207$lBLL01$nZhonggu Kuaiji yu caiwu yanjiu (Print)$mChina accounting and finance review (Online)$r776
=MNI  \\$a1029-807X
=TOC  \\$aETOC
=UNO  \\$aY
=LAS  \\$a5410$b40$c20230823$lBLL01$h1441

