=LDR  03569cas a2200865 i 4500
=001  020238515
=003  Uk
=005  20230223172226.0
=006  m\\\\\o\\d\\\\\\\\
=007  cr\u||||||||||
=008  180323c20189999gw\br\p\o\\\\\0\\\a0eng\\
=FMT  \\$a  SE
=010  \\$a  2020204257
=022  \\$a2523-3521$y2096-5508
=035  \\$a(OCoLC)1030531413
=040  \\$aAU@$beng$cAU@$dOH1$dOCLCF$dKSU$dDLC$dCUS$dU3W$dDLC$dUBY$dUk$erda
=042  \\$aukblsr
=050  00$aGC57
=082  04$a551.46$223
=210  1\$aJ. oceanol. limnol.$b(Online)
=222  \0$aJournal of oceanology and limnology$b(Online)
=245  00$aJournal of oceanology and limnology.
=246  30$aOceanology and limnology
=246  17$aJ. Oceanol. Limnol
=264  \1$aHeidelberg :$bScience Press, co-published with Springer,$c2018-
=300  \\$billustrations (black and white, and colour), maps (colour)
=310  \\$aSix issues yearly
=336  \\$atext$btxt$2rdacontent
=337  \\$acomputer$bc$2rdamedia
=338  \\$aonline resource$bcr$2rdacarrier
=362  1\$aBegan with: Volume 36, issue 1 (January 2018).
=588  \\$aDescription based on volume 36, issue 1 (January 2018); title from contents screen, (SpringerLink, viewed February 14, 2020).
=588  \\$aLatest issue consulted: volume 40, issue 1 (January 2022) (SpringerLink, viewed February 15, 2022).
=530  \\$aAlso available in print.
=538  \\$aMode of access: World Wide Web.
=540  \\$aCurrent copyright fee: GBP29.95$c22\1$5Uk
=650  \0$aOceanography$xResearch$vPeriodicals.
=650  \0$aLimnology$xResearch$vPeriodicals.
=650  \7$aLimnology$xResearch.$2fast$0(OCoLC)fst00998950
=650  \7$aOceanography$xResearch.$2fast$0(OCoLC)fst01043704
=655  \7$aPeriodicals.$2fast$0(OCoLC)fst01411641
=710  2\$aZhongguo hai yang hu zhao xue hui,$eissuing body.
=776  08$iPrint version:$tJournal of oceanology and limnology$x2096-5508
=780  00$tChinese journal of oceanology and limnology$x1993-5005
=856  4\$31850-9999$uhttp://link.springer.com/$xBLDSS
=859  \\$aELD$bejournal
=856  40$3Springer$uhttps://link.springer.com/journal/343
=945  \\$aJournal of Oceanology and Limnology
=979  \\$aBritish Library$bDSC$j5026.151500N
=985  \\$aWFH record (CS) 2022
=985  \\$aUpdated by MS generated file for WR2302-017
=CAT  \\$a5552$b40$c20210624$lBLL01$h1440
=CAT  \\$a5552$b40$c20210810$lBLL01$h1429
=CAT  \\$aBLDSS-3PM$b00$c20210817$lBLL01$h0856
=CAT  \\$aBATCH-UPD$b00$c20210817$lBLL01$h0909
=CAT  \\$a5410$b40$c20210826$lBLL01$h1121
=CAT  \\$a5410$b40$c20210901$lBLL01$h1108
=CAT  \\$a5410$b40$c20210902$lBLL01$h1112
=CAT  \\$a8124$b40$c20220215$lBLL01$h1522
=CAT  \\$a8124$b40$c20220215$lBLL01$h1523
=CAT  \\$a8124$b40$c20220224$lBLL01$h1437
=CAT  \\$aBATCH-UPD$b40$c20221121$lBLL01$h1408
=CAT  \\$aIPL-CLA$c20221231$lBLL01$h1455
=CAT  \\$aW2302-0174$c20230223$lBLL01$h2053
=CFI  0\$aCurrent copyright fee: GBP29.95$c22\1$e01-jan-2023$fGBP29.95$g0$hP$5Uk
=CFI  2\$aPrevious copyright fee: GBP34.00$c22\1$e01-jul-2018$fGBP34.00$g0$hP$5Uk
=FFP  \\$aY$bBLDSS-3PM
=FIN  \\$aY$d20220215
=LET  \0$aJournal of oceanology and limnology (Electronic)
=LKR  \\$aPAR$b013648515$lBLL01$r78000$nChinese journal of oceanology and limnology (Online)$mJournal of oceanology and limnology
=MNI  \\$a2523-3521
=SID  \\$aZ39$bOCLC
=TOC  \\$aETOC
=UNO  \\$aY
=LAS  \\$aW2302-0174$b00$c20230223$lBLL01$h2053

